@INPROCEEDINGS{kf,
 author = {Kelwin Fernandes and Pedro Vinagre and Paulo Cortez},
 title = {A Proactive Intelligent Decision Support System for Predicting the Popularity of Online News}, 
 booktitle = {Proceedings of the 17th EPIA 2015 - Portuguese Conference on Artificial Intelligence},
 year = {2015},
 pages = {535--546},
 address = {Coimbra, Portugal}
}

@INPROCEEDINGS{rb,
 author = {Roja Bandari and Sitaram Asur and Bernardo A. Huberman},
 title = {The Pulse of News in Social Media: Forecasting Popularity}, booktitle = {Proceedings of the Sixth International AAAI Conference on Weblogs and Social Media},
 year = {2012},
 pages = {26--33},
 address = {Anchorage, AK, USA}
}

@INPROCEEDINGS{sp,
 author = {Sasa Petrovic and Miles Osborne and Victor Lavrenko},
 title = {RT to win! predicting message propagation in twitter.},
 booktitle = {Proceedings of the Fifth International AAAI Conference on Weblogs and Social Media},
 year = {2011},
 pages = {586--589},
 address = {Barcelona, Espanha}
}